@online{ programmerguru-online,
	title = {Android Restful Webservice Tutorial - How to call RESTful webservice in Android - Part 3 | Android Tutorial Blog},
	url = {http://programmerguru.com/android-tutorial/android-restful-webservice-tutorial-how-to-call-restful-webservice-in-android-part-3/},
	organization = {programmerguru},
	note = {03.04.2018}
}

@online{stackoverflow-launch,
	title = {How do I launch the Android emulator from the command line? - Stack Overflow},
	url = {https://stackoverflow.com/questions/4974568/how-do-i-launch-the-android-emulator-from-the-command-line},
	organization = {Stackoverflow},
	note = {03.04.2018}
}


